<?xml version="1.0"?>
<zs:searchRetrieveResponse xmlns:zs="http://www.loc.gov/zing/srw/"><zs:version>1.2</zs:version><zs:numberOfRecords>2525</zs:numberOfRecords><zs:records><zs:record><zs:recordSchema>marcxml</zs:recordSchema><zs:recordPacking>xml</zs:recordPacking><zs:recordData><record xmlns="http://www.loc.gov/MARC21/slim">
  <leader>01745cjm a22003493a 4500</leader>
  <controlfield tag="001">14254861</controlfield>
  <controlfield tag="005">20060213135241.0</controlfield>
  <controlfield tag="007">sd fsngnnmmneu</controlfield>
  <controlfield tag="008">060206s1996    cauppn|           | roa  </controlfield>
  <datafield tag="010" ind1=" " ind2=" ">
    <subfield code="a">  2006570295</subfield>
  </datafield>
  <datafield tag="024" ind1="1" ind2=" ">
    <subfield code="a">096297010327</subfield>
  </datafield>
  <datafield tag="028" ind1="0" ind2="2">
    <subfield code="a">CD-103</subfield>
    <subfield code="b">Arhoolie</subfield>
  </datafield>
  <datafield tag="040" ind1=" " ind2=" ">
    <subfield code="a">DLC</subfield>
    <subfield code="c">DLC</subfield>
    <subfield code="d">DLC</subfield>
  </datafield>
  <datafield tag="043" ind1=" " ind2=" ">
    <subfield code="a">n-us-la</subfield>
  </datafield>
  <datafield tag="050" ind1="0" ind2="0">
    <subfield code="a">SDB 32336</subfield>
  </datafield>
  <datafield tag="245" ind1="0" ind2="0">
    <subfield code="a">15 Louisiana cajun classics</subfield>
    <subfield code="h">[sound recording].</subfield>
  </datafield>
  <datafield tag="246" ind1="3" ind2=" ">
    <subfield code="a">Fifteen Louisiana cajun classics</subfield>
  </datafield>
  <datafield tag="246" ind1="3" ind2="0">
    <subfield code="a">Louisiana cajun classics</subfield>
  </datafield>
  <datafield tag="260" ind1=" " ind2=" ">
    <subfield code="a">El Cerrito, CA :</subfield>
    <subfield code="b">Arhoolie,</subfield>
    <subfield code="c">p1996.</subfield>
  </datafield>
  <datafield tag="300" ind1=" " ind2=" ">
    <subfield code="a">1 sound disc :</subfield>
    <subfield code="b">digital ;</subfield>
    <subfield code="c">4 3/4 in.</subfield>
  </datafield>
  <datafield tag="440" ind1=" " ind2="0">
    <subfield code="a">American masters series ;</subfield>
    <subfield code="v">vol. 3</subfield>
  </datafield>
  <datafield tag="546" ind1=" " ind2=" ">
    <subfield code="a">Sung in Cajun French and English.</subfield>
  </datafield>
  <datafield tag="511" ind1="0" ind2=" ">
    <subfield code="a">Various performers.</subfield>
  </datafield>
  <datafield tag="508" ind1=" " ind2=" ">
    <subfield code="a">Produced by Chris Strachwitz and Tom Diamant.</subfield>
  </datafield>
  <datafield tag="500" ind1=" " ind2=" ">
    <subfield code="a">Compact disc.</subfield>
  </datafield>
  <datafield tag="500" ind1=" " ind2=" ">
    <subfield code="a">Some selections previously released.</subfield>
  </datafield>
  <datafield tag="505" ind1="0" ind2=" ">
    <subfield code="a">Le jig francais (Beausoleil) -- Chere te mon (Nathan Abshire) -- Port Arthur blues (Wade Fruge) -- J'ai passe&#x301; devant ta porte (Dewey Balfa, Marc Savoy &amp; D.L. Menard) -- Fiddle stomp (Wallace "Cheese" Read) -- Chicot two-step (California Cajun Orchestra) -- Poor hobo (Harry Choates) -- Jolie blonde (Hackberry Ramblers) -- Two step D'Ame&#x301;de&#x301; (Savoy-Doucet Cajun Band) -- Bernadette (Canray Fontenot) -- Bosco stomp (Austin Pitre) -- La robe barre&#x301;e = The striped dress (Magnolia Sisters) -- Basile breakdown (Dewey Balfa with Nathan Abshire) -- Grand tasso (Michael Doucet) -- Flames De'Enfer (Joe Falcon).</subfield>
  </datafield>
  <datafield tag="500" ind1=" " ind2=" ">
    <subfield code="a">Brief record.</subfield>
  </datafield>
  <datafield tag="906" ind1=" " ind2=" ">
    <subfield code="a">7</subfield>
    <subfield code="b">cbc</subfield>
    <subfield code="c">origres</subfield>
    <subfield code="d">3</subfield>
    <subfield code="e">ncip</subfield>
    <subfield code="f">20</subfield>
    <subfield code="g">y-genmusic</subfield>
  </datafield>
  <datafield tag="925" ind1="0" ind2=" ">
    <subfield code="a">acquire</subfield>
    <subfield code="b">2 shelf copies</subfield>
    <subfield code="x">policy default</subfield>
  </datafield>
  <datafield tag="955" ind1=" " ind2=" ">
    <subfield code="h">2006-02-06</subfield>
    <subfield code="e">2006-02-06 to MBRS</subfield>
    <subfield code="e">vb23 2006-02-13 copy 2 to MBRS</subfield>
  </datafield>
  <datafield tag="985" ind1=" " ind2=" ">
    <subfield code="a">smcd</subfield>
    <subfield code="e">cdmv2</subfield>
  </datafield>
</record></zs:recordData><zs:recordPosition>1</zs:recordPosition></zs:record>