<zs:record><zs:recordSchema>marcxml</zs:recordSchema><zs:recordPacking>xml</zs:recordPacking><zs:recordData><record xmlns="http://www.loc.gov/MARC21/slim">
  <leader>03000cam a2200301 a 4500</leader>
  <controlfield tag="001">16158426</controlfield>
  <controlfield tag="005">20110617133320.0</controlfield>
  <controlfield tag="008">100329s2010    nju      b    001 0 eng  </controlfield>
  <datafield tag="906" ind1=" " ind2=" ">
    <subfield code="a">7</subfield>
    <subfield code="b">cbc</subfield>
    <subfield code="c">orignew</subfield>
    <subfield code="d">1</subfield>
    <subfield code="e">ecip</subfield>
    <subfield code="f">20</subfield>
    <subfield code="g">y-gencatlg</subfield>
  </datafield>
  <datafield tag="925" ind1="0" ind2=" ">
    <subfield code="a">acquire</subfield>
    <subfield code="b">2 shelf copies</subfield>
    <subfield code="x">policy default</subfield>
  </datafield>
  <datafield tag="955" ind1=" " ind2=" ">
    <subfield code="b">rc13 2010-03-29</subfield>
    <subfield code="c">rc13 2010-03-29</subfield>
    <subfield code="d">rg13 2010-04-01 to DEWEY</subfield>
    <subfield code="w">rd61 2010-04-01</subfield>
    <subfield code="a">xe09 2010-12-14 1 copy rec'd., to CIP ver.</subfield>
    <subfield code="f">rc02 2011-01-20 CIP VER to BCCD</subfield>
    <subfield code="t">rc11 2011-06-17 copy 2 added</subfield>
  </datafield>
  <datafield tag="010" ind1=" " ind2=" ">
    <subfield code="a">  2010013143</subfield>
  </datafield>
  <datafield tag="015" ind1=" " ind2=" ">
    <subfield code="a">GBB052552</subfield>
    <subfield code="2">bnb</subfield>
  </datafield>
  <datafield tag="016" ind1="7" ind2=" ">
    <subfield code="a">015535100</subfield>
    <subfield code="2">Uk</subfield>
  </datafield>
  <datafield tag="020" ind1=" " ind2=" ">
    <subfield code="a">9780470575581 (pbk.)</subfield>
  </datafield>
  <datafield tag="020" ind1=" " ind2=" ">
    <subfield code="a">0470575581 (pbk.)</subfield>
  </datafield>
  <datafield tag="035" ind1=" " ind2=" ">
    <subfield code="a">(OCoLC)ocn503076042</subfield>
  </datafield>
  <datafield tag="040" ind1=" " ind2=" ">
    <subfield code="a">DLC</subfield>
    <subfield code="c">DLC</subfield>
    <subfield code="d">BTCTA</subfield>
    <subfield code="d">YDXCP</subfield>
    <subfield code="d">UKM</subfield>
    <subfield code="d">MOF</subfield>
    <subfield code="d">C#P</subfield>
    <subfield code="d">BWX</subfield>
    <subfield code="d">MOF</subfield>
    <subfield code="d">CDX</subfield>
    <subfield code="d">CS1</subfield>
    <subfield code="d">DLC</subfield>
  </datafield>
  <datafield tag="050" ind1="0" ind2="0">
    <subfield code="a">PN1992.77.A216</subfield>
    <subfield code="b">A15 2010</subfield>
  </datafield>
  <datafield tag="245" ind1="0" ind2="0">
    <subfield code="a">30 Rock and philosophy :</subfield>
    <subfield code="b">we want to go to there /</subfield>
    <subfield code="c">edited by J. Jeremy Wisnewski.</subfield>
  </datafield>
  <datafield tag="260" ind1=" " ind2=" ">
    <subfield code="a">Hoboken, N.J. :</subfield>
    <subfield code="b">Wiley,</subfield>
    <subfield code="c">c2010.</subfield>
  </datafield>
  <datafield tag="300" ind1=" " ind2=" ">
    <subfield code="a">ix, 230 p. ;</subfield>
    <subfield code="c">24 cm.</subfield>
  </datafield>
  <datafield tag="490" ind1="1" ind2=" ">
    <subfield code="a">The Blackwell philosophy and pop culture series</subfield>
  </datafield>
  <datafield tag="504" ind1=" " ind2=" ">
    <subfield code="a">Includes bibliographical references and index.</subfield>
  </datafield>
  <datafield tag="505" ind1="0" ind2="0">
    <subfield code="g">Introduction : platonic fantasies and Tina Fey-losophy --</subfield>
    <subfield code="g">What would Oprah do? ethics and the good life at 30 Rock.</subfield>
    <subfield code="t">Being Kenneth : some moral lessons /</subfield>
    <subfield code="r">P. Sue Dohnimm --</subfield>
    <subfield code="t">Sour lemon : Liz's workaholism and the meaning of life /</subfield>
    <subfield code="r">Jeffrey A. Hinzmann --</subfield>
    <subfield code="t">Friendship on 30 Rock : what a Greek philosopher can teach us about companionship /</subfield>
    <subfield code="r">Dan Yim --</subfield>
    <subfield code="t">A Confucian-Aristotelian critique of 30 Rock's "semi-virtuous path" /</subfield>
    <subfield code="r">Adam Barkman --</subfield>
    <subfield code="g">The girlie show : gender, race, and sexual orientation at 30 Rock.</subfield>
    <subfield code="t">Race at the Rock : race cards, white myths, and postracial America /</subfield>
    <subfield code="r">J. Jeremy Wisnewski --</subfield>
    <subfield code="t">Getting gay : how 30 Rock helps us understand sexuality /</subfield>
    <subfield code="r">J. Jeremy Wisnewski --</subfield>
    <subfield code="t">And the followship award goes to... third wave feminism? /</subfield>
    <subfield code="r">Ashley Barkman --</subfield>
    <subfield code="g">Dealbreaker! : corporations, professions, and politics.</subfield>
    <subfield code="t">Medicine's not a science : Dr. Leo Spaceman and the role of the incompetent professional in today's America /</subfield>
    <subfield code="r">Kevin S. Decker --</subfield>
    <subfield code="t">Is there a difference between East Coast television and microwave ovens? moral questions about corporate management /</subfield>
    <subfield code="r">Andrew Terjesen --</subfield>
    <subfield code="t">The emancipation corporation : loving and loathing the Shinehardt wigs of the world /</subfield>
    <subfield code="r">Nick Michaud --</subfield>
    <subfield code="t">Liz and Jack can't be friends! : communitarianism, libertarianism, and politics at 30 Rock /</subfield>
    <subfield code="r">Nicholas Michaud --</subfield>
    <subfield code="g">Mind grapes (to nourish your thinking).</subfield>
    <subfield code="t">"The bubble," the cave and Samsara : being deluded at 30 Rock /</subfield>
    <subfield code="r">Adam Barkman --</subfield>
    <subfield code="t">Of cookie jars and CEOs : time and self on 30 Rock /</subfield>
    <subfield code="r">Tyler Shores --</subfield>
    <subfield code="t">One city's cheese curl addict is another city's model : a question of taste /</subfield>
    <subfield code="r">Michael Da Silva and Melina Found --</subfield>
    <subfield code="t">"I'm straight up mentally ill" : Tracy Jordan and true, justified belief /</subfield>
    <subfield code="r">Robert Arp --</subfield>
    <subfield code="t">Performing at 30 Rock (and everywhere else) /</subfield>
    <subfield code="r">Marc E. Shaw.</subfield>
  </datafield>
  <datafield tag="630" ind1="0" ind2="0">
    <subfield code="a">30 Rock (Television program)</subfield>
  </datafield>
  <datafield tag="700" ind1="1" ind2=" ">
    <subfield code="a">Wisnewski, Jeremy.</subfield>
  </datafield>
  <datafield tag="830" ind1=" " ind2="0">
    <subfield code="a">Blackwell philosophy and popculture series.</subfield>
  </datafield>
</record></zs:recordData><zs:recordPosition>3</zs:recordPosition></zs:record>