<zs:record><zs:recordSchema>marcxml</zs:recordSchema><zs:recordPacking>xml</zs:recordPacking><zs:recordData><record xmlns="http://www.loc.gov/MARC21/slim">
  <leader>02439cjm a22002773a 4500</leader>
  <controlfield tag="001">14257481</controlfield>
  <controlfield tag="005">20060208081652.0</controlfield>
  <controlfield tag="007">sd fsngnnmmned</controlfield>
  <controlfield tag="008">060208s2002    xxuppn|           | eng  </controlfield>
  <datafield tag="906" ind1=" " ind2=" ">
    <subfield code="a">7</subfield>
    <subfield code="b">cbc</subfield>
    <subfield code="c">orignew</subfield>
    <subfield code="d">3</subfield>
    <subfield code="e">ncip</subfield>
    <subfield code="f">20</subfield>
    <subfield code="g">y-genmusic</subfield>
  </datafield>
  <datafield tag="925" ind1="0" ind2=" ">
    <subfield code="a">acquire</subfield>
    <subfield code="b">2 copies</subfield>
    <subfield code="x">policy default</subfield>
  </datafield>
  <datafield tag="955" ind1=" " ind2=" ">
    <subfield code="a">vn00 2006-02-08</subfield>
    <subfield code="h">vn47 2006-02-08</subfield>
    <subfield code="e">vn47 2006-02-08 to MBRS/RS</subfield>
  </datafield>
  <datafield tag="985" ind1=" " ind2=" ">
    <subfield code="a">SMCD</subfield>
    <subfield code="e">cdpop</subfield>
  </datafield>
  <datafield tag="010" ind1=" " ind2=" ">
    <subfield code="a">  2006571359</subfield>
  </datafield>
  <datafield tag="024" ind1="1" ind2=" ">
    <subfield code="a">733792399228</subfield>
  </datafield>
  <datafield tag="028" ind1="0" ind2="2">
    <subfield code="a">BR CD 005</subfield>
    <subfield code="b">Brookhurst Records</subfield>
  </datafield>
  <datafield tag="040" ind1=" " ind2=" ">
    <subfield code="a">DLC</subfield>
    <subfield code="c">DLC</subfield>
  </datafield>
  <datafield tag="050" ind1="0" ind2="0">
    <subfield code="a">SDB 31605</subfield>
  </datafield>
  <datafield tag="245" ind1="0" ind2="0">
    <subfield code="a">50 years of yodeling with Janet McBride</subfield>
    <subfield code="h">[sound recording].</subfield>
  </datafield>
  <datafield tag="260" ind1=" " ind2=" ">
    <subfield code="a">[United States] :</subfield>
    <subfield code="b">Brookhurst Records,</subfield>
    <subfield code="c">p2002.</subfield>
  </datafield>
  <datafield tag="300" ind1=" " ind2=" ">
    <subfield code="a">2 sound discs :</subfield>
    <subfield code="b">digital ;</subfield>
    <subfield code="c">4 3/4 in.</subfield>
  </datafield>
  <datafield tag="511" ind1="0" ind2=" ">
    <subfield code="a">Janet McBride.</subfield>
  </datafield>
  <datafield tag="500" ind1=" " ind2=" ">
    <subfield code="a">Compact disc.</subfield>
  </datafield>
  <datafield tag="505" ind1="0" ind2=" ">
    <subfield code="a">CD One. He taught me to yodel -- My echo and I -- Cannon ball yodel -- Chime bells -- Swiss cheese yodeling song -- I want to be a cowboys's sweetheart -- He taught me to yodel -- Yodeling Jan -- Yodeling tribute -- Alpine yodel polka -- This one's for daddy -- Just a yodel for me -- The ballad of North Whitefield, Maine -- The cowboy yodel -- Yodeler's lament -- Best dern yodeler -- The Grand Ole Opry -- The Smoky Mountain yodeler -- The happy yodeler -- Yodeling at the Grand Ole Opry -- The yodeling tribute -- Where the yodel began -- Looking for a yodeling man -- The yodelers hall of fame -- They taught me to yodel -- Texas yodel lady -- The gospel yodel -- A yodeling lesson -- A yodeling addiction -- I think I heard a yodeling bird -- I'm gonna' dream my way to a swiss chalet -- Montana cowboy.</subfield>
  </datafield>
  <datafield tag="505" ind1="0" ind2=" ">
    <subfield code="a">CD Two. A yodeler's dream (with Mark McBride) -- I want to bea cowboy's sweetheart -- Chime bells -- If I could only learn to yodel -- Wide rollin' plains -- Ding dong polka -- He taught me to yodel -- Swiss moonlight lullabye -- Rockin' over river -- My last old yodeling song -- I'm a cowgirl at heart (aka Out where the west wind blows) -- Texas plains -- The cowboy yodel -- Pinto pal -- Yodeling mad -- Swing time cowgirl -- Pride of the prairie -- Yodel your troubles away -- Cowboy rhythm -- I want to be a cowboy's dream girl -- The Texas cowgirl -- When a cowgirl is happy -- Daddy was a yodeling cowboy -- Daddy's yodel -- Columbus stockade blues -- Yodel sweet Molly (with John Ingram) -- There's a love knot in my lariat -- Betcha' my heart I love ya' -- Santa's yodeling song.</subfield>
  </datafield>
  <datafield tag="500" ind1=" " ind2=" ">
    <subfield code="a">Brief record.</subfield>
  </datafield>
</record></zs:recordData><zs:recordPosition>5</zs:recordPosition></zs:record>