<zs:record><zs:recordSchema>marcxml</zs:recordSchema><zs:recordPacking>xml</zs:recordPacking><zs:recordData><record xmlns="http://www.loc.gov/MARC21/slim">
  <leader>01719cgm a22003133a 4500</leader>
  <controlfield tag="001">13846406</controlfield>
  <controlfield tag="005">20130815081955.0</controlfield>
  <controlfield tag="007">vf ||||||</controlfield>
  <controlfield tag="008">050120r19921952xxu028        |   vleng  </controlfield>
  <datafield tag="906" ind1=" " ind2=" ">
    <subfield code="a">0</subfield>
    <subfield code="b">cbc</subfield>
    <subfield code="c">orignew</subfield>
    <subfield code="d">u</subfield>
    <subfield code="e">ncip</subfield>
    <subfield code="f">20</subfield>
    <subfield code="g">y-movingim</subfield>
  </datafield>
  <datafield tag="010" ind1=" " ind2=" ">
    <subfield code="a">  2005640269</subfield>
  </datafield>
  <datafield tag="040" ind1=" " ind2=" ">
    <subfield code="a">DLC</subfield>
    <subfield code="c">DLC</subfield>
    <subfield code="e">amim</subfield>
    <subfield code="d">DLC</subfield>
  </datafield>
  <datafield tag="050" ind1="0" ind2="0">
    <subfield code="a">VAD 7045 (viewing copy)</subfield>
  </datafield>
  <datafield tag="245" ind1="0" ind2="4">
    <subfield code="a">The Abbott and Costello show.</subfield>
    <subfield code="p">Actor's home /</subfield>
    <subfield code="c">director/producer, Jean Yarbrough.</subfield>
  </datafield>
  <datafield tag="246" ind1="3" ind2="0">
    <subfield code="a">Actor's home</subfield>
  </datafield>
  <datafield tag="257" ind1=" " ind2=" ">
    <subfield code="a">United States.</subfield>
  </datafield>
  <datafield tag="260" ind1=" " ind2=" ">
    <subfield code="a">United States :</subfield>
    <subfield code="b">[s.n.,</subfield>
    <subfield code="c">1953] ;</subfield>
    <subfield code="a">United States :</subfield>
    <subfield code="b">Shanachie,</subfield>
    <subfield code="c">1992.</subfield>
  </datafield>
  <datafield tag="300" ind1=" " ind2=" ">
    <subfield code="a">1 videocassette of 1 (VHS) (ca. 28 min.) :</subfield>
    <subfield code="b">sd., b&amp;w ;</subfield>
    <subfield code="c">1/2 in.</subfield>
    <subfield code="3">viewing copy.</subfield>
  </datafield>
  <datafield tag="511" ind1="1" ind2=" ">
    <subfield code="a">Bud Abbott, Lou Costello, Sid Fields, Joe Kirk, Joe Besser.</subfield>
  </datafield>
  <datafield tag="520" ind1=" " ind2=" ">
    <subfield code="a">Lou tends Bacciagalupe's ice cream push cart and Stinky throws Limburger cheese into it. Soon thereafter a nutty millionaire gives the boys a $500 bill which Bud tears up thinking it's counterfeit. When he finds out it was real money, Bud goes completely crazy and is carted away to the old actors' home, where after convincing them he's not nuts, he and Lou entertain the folks with a brilliant performance of their famous "Who's on First" routine.</subfield>
  </datafield>
  <datafield tag="500" ind1=" " ind2=" ">
    <subfield code="a">On one cassette with Duck dinner; Hillary's birthday; Million dollar refund.</subfield>
    <subfield code="5">DLC</subfield>
  </datafield>
  <datafield tag="500" ind1=" " ind2=" ">
    <subfield code="a">Not viewed.</subfield>
  </datafield>
  <datafield tag="500" ind1=" " ind2=" ">
    <subfield code="a">Sources used: video container.</subfield>
  </datafield>
  <datafield tag="541" ind1=" " ind2=" ">
    <subfield code="d">Received: 12/15/1994;</subfield>
    <subfield code="3">viewing copy;</subfield>
    <subfield code="c">copyright deposit--407;</subfield>
    <subfield code="a">Copyright Collection.</subfield>
  </datafield>
  <datafield tag="655" ind1=" " ind2="7">
    <subfield code="a">Television comedies.</subfield>
    <subfield code="2">lcgft</subfield>
  </datafield>
  <datafield tag="700" ind1="1" ind2=" ">
    <subfield code="a">Yarbrough, Jean,</subfield>
    <subfield code="e">direction,</subfield>
    <subfield code="e">production.</subfield>
  </datafield>
  <datafield tag="700" ind1="1" ind2=" ">
    <subfield code="a">Abbott, Bud,</subfield>
    <subfield code="d">1895-1974,</subfield>
    <subfield code="e">cast.</subfield>
  </datafield>
  <datafield tag="700" ind1="1" ind2=" ">
    <subfield code="a">Costello, Lou,</subfield>
    <subfield code="e">cast.</subfield>
  </datafield>
  <datafield tag="710" ind1="2" ind2=" ">
    <subfield code="a">Copyright Collection (Library of Congress)</subfield>
    <subfield code="5">DLC</subfield>
  </datafield>
</record></zs:recordData><zs:recordPosition>7</zs:recordPosition></zs:record>